@misc{wiki:pgn,
author = "Wikipedia",
title = "Portable game notation",
year = "2011",
howpublished = "\url{https://secure.wikimedia.org/wikipedia/en/wiki/Portable_Game_Notation}",
}

@misc{spec:pgn,
author="Steven J. Edwards",
title="Portable Game Notation Specification and Implementation",
year="1994",
howpublished = "\url{http://www.chessclub.com/help/PGN-spec}",
}

@misc{wiki:san,
author="Wikipedia",
title="Algebraic chess notation",
year="2011",
howpublished="\url{https://secure.wikimedia.org/wikipedia/en/wiki/Algebraic_chess_notation}",
}

@misc{spec:glicko,
author="Mark E. Glickman",
title = "The Glicko system",
year="2001",
howpublished="\url{http://math.bu.edu/people/mg/glicko/glicko.doc/glicko.html}",
}

@misc{wiki:eco,
author="Wikipedia",
title="List of chess openings",
year="2011",
howpublished="\url{https://secure.wikimedia.org/wikipedia/en/wiki/List_of_chess_openings}",
}

@techreport{report:patternmining,
    author = "Bart Goethals",
    title = "Survey on frequent pattern mining",
    institution = "Department of Computer Science, University of Helsinki",
    year = "2002"
}

@misc{web:crafty,
author="Robert M. Hyatt",
title="Crafty Chess Page",
year="2008",
howpublished="\url{http://www.craftychess.com/}",
}

@misc{web:fritz,
author="Frans Morsch, Mathias Feist",
title="Fritz 12",
year="2010",
howpublished="\url{http://www.chessbase.com/shop/product.asp?pid=467}",
}

@misc{web:mscp,
author="Marcel van Kervinck",
title="MSCP - Marcel's Simple Chess Program",
year="2003",
howpublished="\url{http://marcelk.net/mscp/}",
}
